@INPROCEEDINGS{aittomaki1, 
author={T. {Aittomäki} and H. {Godrich} and H. V. {Poor} and V. {Koivunen}}, 
booktitle={2011 Conference Record of the Forty Fifth Asilomar Conference on Signals, Systems and Computers (ASILOMAR)}, 
title={Resource allocation for target detection in distributed {MIMO} radars}, 
year={2011}, 
volume={}, 
number={}, 
pages={873-877}, 
keywords={MIMO radar;object detection;radar receivers;radar tracking;radar transmitters;resource allocation;target tracking;white noise;resource allocation;target detection probability;distributed MIMO radars;distributed multiple-input multiple-output radars;radar transmitters;radar receivers;target estimation;target tracking;power transmission;optimal Neyman-Pearson detector;noise scattering;surveillance area;Transmitters;Resource management;Receivers;Noise;Object detection;Radar;Scattering;MIMO radar;Target detection;Likelihood ratio test;Power allocation}, 
doi={10.1109/ACSSC.2011.6190133}, 
ISSN={1058-6393}, 
month={Nov},}

@INPROCEEDINGS{aittomaki2, 
author={T. {Aittomäki} and S. P. {Chepuri} and V. {Koivunen}}, 
booktitle={2018 IEEE 10th Sensor Array and Multichannel Signal Processing Workshop (SAM)}, 
title={Dynamic Transmit Power Allocation for Distributed {MIMO} Radar Target Detection}, 
year={2018}, 
volume={}, 
number={}, 
pages={282-286}, 
keywords={approximation theory;computational complexity;MIMO radar;object detection;radar detection;statistical distributions;dynamic transmit power allocation;multiple transmitters;receivers;optimal allocation;computationally complex task;exact distribution;dynamic scenario;Kullback-Leibler divergence;target detection probability maximisation;transmit power resources;distributed MIMO radar target detection;multiple input multiple output radars;Signal to noise ratio;Covariance matrices;Resource management;Optimization;Object detection;Transmitters;Receivers;MIMO radar;Target detection;Power allocation;Optimization}, 
doi={10.1109/SAM.2018.8448906}, 
ISSN={2151-870X}, 
month={July},}

@ARTICLE{colocated, 
author={J. {Li} and P. {Stoica}}, 
journal={IEEE Signal Processing Magazine}, 
title={{MIMO} Radar with Colocated Antennas}, 
year={2007}, 
volume={24}, 
number={5}, 
pages={106-114}, 
keywords={antenna phased arrays;MIMO communication;phased array radar;radar antennas;government agencies;parameter estimation;adaptive techniques;direct applicability;identifiability;phased-array counterpart;waveform diversity;colocated antennas;MIMO radar;Radar antennas;MIMO;Adaptive arrays;Transmitting antennas;Receiving antennas;Parameter estimation;Radar imaging;Antenna arrays;Radar applications;Doppler radar}, 
doi={10.1109/MSP.2007.904812}, 
ISSN={1053-5888}, 
month={Sep.},}

@ARTICLE{distributed, 
author={A. M. {Haimovich} and R. S. {Blum} and L. J. {Cimini}}, 
journal={IEEE Signal Processing Magazine}, 
title={{MIMO} Radar with Widely Separated Antennas}, 
year={2008}, 
volume={25}, 
number={1}, 
pages={116-129}, 
keywords={diversity reception;MIMO communication;radar antennas;radar cross-sections;radar receivers;radar transmitters;MIMO radar;radar antennas;multiple-input multiple-output radar;spatially distributed transmitters;spatially distributed receivers;multistatic radar;MIMO communications;spatial diversity;radar cross section;RCS;radar target detection;Radar antennas;MIMO;Radar cross section;Doppler radar;Transmitters;Receiving antennas;Diversity methods;Object detection;Parameter estimation;Spatial resolution}, 
doi={10.1109/MSP.2008.4408448}, 
ISSN={1053-5888}, 
month={},}

@ARTICLE{applications, 
author={N. C. {Luong} and D. T. {Hoang} and S. {Gong} and D. {Niyato} and P. {Wang} and Y. {Liang} and D. I. {Kim}}, 
journal={IEEE Communications Surveys Tutorials}, 
title={Applications of Deep Reinforcement Learning in Communications and Networking: A Survey}, 
year={2019}, 
volume={}, 
number={}, 
pages={1-1}, 
keywords={Reinforcement learning;Deep learning;Security;Markov processes;Unmanned aerial vehicles;Ad hoc networks;Tutorials;Deep reinforcement learning;deep Q-learning;networking;communications;spectrum access;rate control;security;caching;data offloading;data collection.}, 
doi={10.1109/COMST.2019.2916583}, 
ISSN={1553-877X}, 
month={},}

@INPROCEEDINGS{jamming, 
author={L. {Kang} and J. {Bo} and L. {Hongwei} and L. {Siyuan}}, 
booktitle={IEEE International Conference on Signal Processing, Communications and Computing (ICSPCC)}, 
title={Reinforcement Learning based Anti-jamming Frequency Hopping Strategies Design for Cognitive Radar}, 
year={2018}, 
volume={}, 
number={}, 
pages={1-5}, 
keywords={cognitive radar;frequency hop communication;jamming;learning (artificial intelligence);radar computing;radar interference;cognitive radar;Q-learning;DQN;reinforcement learning algorithm;frequency agile radar;smart jammer model;radar antijamming designs;antijamming frequency hopping strategy design method;FA radar;deep Q-network;signal-to-interference-plus-noise ratio;SINR;Jamming;Radar cross-sections;Interference;Signal to noise ratio;Neural networks;Cognitive radar;cognitive radar;frequency hopping;Q-learning;deep Q-network;jammer}, 
doi={10.1109/ICSPCC.2018.8567751}, 
ISSN={}, 
month={Sep.},}

@ARTICLE{networking_pa1,
author = {Meng, Fan and Chen, Peng and Wu, Lenan and Cheng, Julian},
year = {2019},
month = {01},
pages = {},
title = {Power Allocation in Multi-User Cellular Networks: Deep Reinforcement Learning Approaches}
}

@inproceedings{networking_pa2,
  title={Multi-Agent Deep Reinforcement Learning for Dynamic Power Allocation in Wireless Networks.},
  author={Yasar Sinan Nasir and Dongning Guo},
  year={2018}
}

@article{DDPG,
  title={Continuous control with deep reinforcement learning},
  author={Timothy P. Lillicrap and Jonathan J. Hunt and Alexander Pritzel and Nicolas Heess and Tom Erez and Yuval Tassa and David Silver and Daan Wierstra},
  journal={CoRR},
  year={2015},
  volume={abs/1509.02971}
}

@book{rl_hands_on,
    author    = "Sudharsan Ravichandiran",
    title     = "Hands-On Reinforcement Learning With Python",
    year      = "2018",
    publisher = "Packt Publishing",
    address   = "Reading, Massachusetts"
}

@book{rl_intro,
  author = {Sutton, Richard S. and Barto, Andrew G.},
  edition = {Second},
  publisher = {The MIT Press},
  title = {Reinforcement Learning: An Introduction},
  year = {2018 }
}

@ARTICLE{RBE, 
author={J. {Oksanen} and V. {Koivunen}}, 
journal={IEEE Transactions on Signal Processing}, 
title={An Order Optimal Policy for Exploiting Idle Spectrum in Cognitive Radio Networks}, 
year={2015}, 
volume={63}, 
number={5}, 
pages={1214-1227}, 
keywords={cognitive radio;Markov processes;radio spectrum management;Markov chain;Gilbert-Elliot model;data transmission;radio spectrum;stationary unknown reward distributions;stochastic restless multiarmed bandit problem;multiband dynamic spectrum access;spectrum sensing policy;cognitive radio networks;Sensors;Cognitive radio;Markov processes;Indexes;Dynamic spectrum access;Data communication;Cognitive radio;opportunistic spectrum access (OSA);restless multi-armed bandit (RMAB);online learning;multi-band spectrum sensing}, 
doi={10.1109/TSP.2015.2391072}, 
ISSN={1053-587X}, 
month={March},}

@inproceedings{DCMAB,
author = {Robin, Allesiardo and Feraud, Raphaël and Bouneffouf, Djallel},
year = {2014},
month = {11},
pages = {},
title = {A Neural Networks Committee for the Contextual Bandit Problem},
doi = {10.1007/978-3-319-12637-1_47}
}

@ARTICLE{DSWUCB,
       author = {{Garivier}, Aur{\'e}lien and {Moulines}, Eric},
        title = "{On Upper-Confidence Bound Policies for Non-Stationary Bandit Problems}",
      journal = {arXiv e-prints},
     keywords = {Mathematics - Statistics},
         year = "2008",
        month = "May",
          eid = {arXiv:0805.3415},
        pages = {arXiv:0805.3415},
archivePrefix = {arXiv},
       eprint = {0805.3415},
 primaryClass = {math.ST},
       adsurl = {https://ui.adsabs.harvard.edu/abs/2008arXiv0805.3415G},
      adsnote = {Provided by the SAO/NASA Astrophysics Data System}
}

@misc{SMPyBandits,
    title =   {{SMPyBandits: an Open-Source Research Framework for Single and Multi-Players Multi-Arms Bandits (MAB) Algorithms in Python}},
    author =  {Lilian Besson},
    year =    {2018},
    url =     {https://github.com/SMPyBandits/SMPyBandits/},
    howpublished = {Online at: \url{GitHub.com/SMPyBandits/SMPyBandits}},
    note =    {Code at https://github.com/SMPyBandits/SMPyBandits/, documentation at https://smpybandits.github.io/}
}

@ARTICLE{MAB_recof_antennas,
author={N. {Gulati} and K. R. {Dandekar}},
journal={IEEE Transactions on Antennas and Propagation},
title={Learning State Selection for Reconfigurable Antennas: A Multi-Armed Bandit Approach},
year={2014},
volume={62},
number={3},
pages={1027-1038},
keywords={antenna radiation patterns;MIMO communication;OFDM modulation;radio links;wireless channels;learning state selection;reconfigurable antennas;multiarmed bandit approach;radiation patterns;wireless link;optimal antenna state;channel state information;reconfigurable antenna state selection;multiarmed bandit problem;arbitrary link quality metrics;online learning;multiarmed bandit framework;sequential decision policy;wireless channel statistics;adaptive state selection;MIMO OFDM system;long term link performance;channel training frequency;Receiving antennas;Training;Transmitting antennas;MIMO;OFDM;Beamsteering;cognitive radio;MIMO;multi-armed bandit;OFDM;online learning;reconfigurable antennas},
doi={10.1109/TAP.2013.2276414},
ISSN={},
month={March},}

@INPROCEEDINGS{MAB_subset_selection,
author={A. {Mukherjee} and A. {Hottinen}},
booktitle={Proceedings of the 20th European Signal Processing Conference (EUSIPCO)},
title={Learning algorithms for energy-efficient MIMO antenna subset selection: Multi-armed bandit framework},
year={2012},
volume={},
number={},
pages={659-663},
keywords={active antennas;Bayes methods;energy conservation;learning (artificial intelligence);MIMO communication;mobile handsets;multifrequency antennas;power consumption;radio transceivers;radiowave propagation;wireless channels;energy efficiency;MIMO antenna subset selection;multiarmed bandit framework;mobile device;power consumption;wireless propagation medium;random variation;wireless channel;transceiver;active antenna subset;power normalized throughput;sequential learning scheme;naive approach;Antennas;Transceivers;Throughput;Wireless communication;MIMO;Power demand;Radio frequency;Antenna selection;energy efficiency;learning;multi-armed bandit},
doi={},
ISSN={},
month={Aug},}

@book{lattimorebandit,
  title={Bandit Algorithms},
  author={Lattimore, Tor and Szepesv{\'a}ri, Csaba},
  publisher={Cambridge University Press},
  year={2019},
  note={{D}raft of 27th June, Revision: 8b22},
}

@BOOK{principles,
  TITLE = {Fundamental Principles of Optical Lithography},
  AUTHOR = {Mack, Chris A},
  YEAR = {2019},
  PUBLISHER = {Cambridge University Press},
}

@INPROCEEDINGS{antenna_subset_selection,
author={H. {Godrich} and A. {Petropulu} and H. V. {Poor}},
booktitle={19th European Signal Processing Conference},
title={Antenna subset selection in distributed multiple-radar architectures: A knapsack problem formulation},
year={2011},
volume={},
number={},
pages={1693-1697},
keywords={combinatorial mathematics;computational complexity;decision making;knapsack problems;mean square error methods;optimisation;radar antennas;resource allocation;antenna subset selection;distributed multiple-radar architecture;knapsack problem formulation;resource allocation scheme;target localization;mean-square error minimization;MSE minimization;combinatorial optimization framework;Cramer-Rao bound;CRB;KP formulation;decision making;approximation algorithm;temporal Fisher information matrix;FIM;computational complexity;exhaustive search;distributive processing;Radar cross-sections;Receiving antennas;Manganese;Approximation algorithms;Radar antennas;MIMO radar;Multistatic radar;Cramer-Rao bound;resource allocation;target localization},
doi={},
ISSN={},
month={Aug},}

@article{selection_and_placement,
author = {Sun, Bin and Chen, Haowen and Yang, Degui and Li, Xiang},
year = {2014},
month = {05},
pages = {1-10},
title = {Antenna Selection and Placement Analysis of {MIMO} Radar Networks for Target Localization},
volume = {2014},
journal = {International Journal of Distributed Sensor Networks},
doi = {10.1155/2014/769404}
}

@article{KL_UCB,
author = {Garivier, Aurélien and Cappé, Olivier},
year = {2011},
month = {02},
pages = {},
title = {The KL-UCB Algorithm for Bounded Stochastic Bandits and Beyond},
journal = {Computing Research Repository - CORR}
}

@article{Thompson,
author = {Agrawal, Shipra and Goyal, Navin},
year = {2011},
month = {11},
pages = {},
title = {Analysis of Thompson Sampling for the multi-armed bandit problem},
volume = {23},
journal = {Journal of Machine Learning Research}
}

@INPROCEEDINGS{DRBE,
author={J. {Oksanen} and V. {Koivunen}},
booktitle={IEEE International Conference on Acoustics, Speech and Signal Processing (ICASSP)},
title={Learning spectrum opportunities in non-stationary radio environments},
year={2017},
volume={},
number={},
pages={2447-2451},
keywords={cognitive radio;mobile radio;mobile cognitive radios;index policies;stochastic nonstationary restless multiarmed bandit formulation;cognitive radio;multiband flexible spectrum use;learning-based sensing policies;nonstationary radio environment;learning spectrum;Sensors;Indexes;Cognitive radio;Time-frequency analysis;Fading channels;Interference;Probability;Flexible spectrum use;cognitive radio;opportunistic spectrum access;multi-armed bandit;dynamic propagation environment},
doi={10.1109/ICASSP.2017.7952596},
ISSN={},
month={March},}

@misc{DThompson,
    title={Taming Non-stationary Bandits: A Bayesian Approach},
    author={Vishnu Raj and Sheetal Kalyani},
    year={2017},
    eprint={1707.09727},
    archivePrefix={arXiv},
    primaryClass={stat.ML}
}

@article{mab_survey,
  title={A Survey of Online Experiment Design with the Stochastic Multi-Armed Bandit},
  author={Giuseppe Burtini and Jason L. Loeppky and Ramon Lawrence},
  journal={ArXiv},
  year={2015},
  volume={abs/1510.00757}
}

@article{intro_to_mab,
  title={Introduction to multi-armed bandits},
  author={Slivkins, Aleksandrs},
  journal={arXiv preprint arXiv:1904.07272},
  year={2019}
}

@misc{comb_mab,
    title={Combinatorial Multi-Armed Bandit and Its Extension to Probabilistically Triggered Arms},
    author={Wei Chen and Yajun Wang and Yang Yuan and Qinshi Wang},
    year={2014},
    eprint={1407.8339},
    archivePrefix={arXiv},
    primaryClass={cs.LG}
}